<record><leader>00000cas a2200000 a 4500</leader><controlfield tag="001">11326136</controlfield><controlfield tag="008">841030c18589999ilucr ne      0   a0eng c</controlfield><datafield ind1=" " ind2=" " tag="010"><subfield code="a">sn 84038462 </subfield></datafield><datafield ind1=" " ind2=" " tag="040"><subfield code="a">NPX</subfield><subfield code="b">eng</subfield><subfield code="c">NPX</subfield><subfield code="d">NPU</subfield><subfield code="d">NPV</subfield><subfield code="d">PPM</subfield><subfield code="d">NVF</subfield><subfield code="d">OCL</subfield><subfield code="d">NVF</subfield><subfield code="d">OCLCF</subfield><subfield code="d">OCLCO</subfield><subfield code="d">NVF</subfield></datafield><datafield ind1=" " ind2=" " tag="042"><subfield code="a">pcc</subfield></datafield><datafield ind1=" " ind2=" " tag="043"><subfield code="a">n-us-il</subfield></datafield><datafield ind1="0" ind2=" " tag="130"><subfield code="a">Greenville advocate (Greenville, Ill.)</subfield></datafield><datafield ind1="1" ind2="4" tag="245"><subfield code="a">The Greenville advocate.</subfield></datafield><datafield ind1=" " ind2=" " tag="260"><subfield code="a">Greenville, Bond County, Ill. :</subfield><subfield code="b">Alexander &amp; Brother,</subfield><subfield code="c">1858-</subfield></datafield><datafield ind1=" " ind2=" " tag="300"><subfield code="a">v.</subfield></datafield><datafield ind1=" " ind2=" " tag="310"><subfield code="a">Semiweekly,</subfield><subfield code="b">Mar. 6, 1911-</subfield></datafield><datafield ind1=" " ind2=" " tag="321"><subfield code="a">Weekly,</subfield><subfield code="b">Feb. 11, 1858-Mar. 2, 1911</subfield></datafield><datafield ind1="0" ind2=" " tag="362"><subfield code="a">Vol. 1, no. 1 (Feb. 11, 1858)-</subfield></datafield><datafield ind1=" " ind2="0" tag="651"><subfield code="a">Bond County (Ill.)</subfield><subfield code="v">Newspapers.</subfield></datafield><datafield ind1=" " ind2="0" tag="651"><subfield code="a">Greenville (Ill.)</subfield><subfield code="v">Newspapers.</subfield></datafield><datafield ind1=" " ind2="7" tag="651"><subfield code="a">Illinois</subfield><subfield code="z">Bond County.</subfield><subfield code="2">fast</subfield><subfield code="0">(OCoLC)fst01208952</subfield></datafield><datafield ind1=" " ind2="7" tag="651"><subfield code="a">Illinois</subfield><subfield code="z">Greenville.</subfield><subfield code="2">fast</subfield><subfield code="0">(OCoLC)fst01217741</subfield></datafield><datafield ind1=" " ind2="7" tag="655"><subfield code="a">Newspapers.</subfield><subfield code="2">fast</subfield><subfield code="0">(OCoLC)fst01423814</subfield></datafield><datafield ind1=" " ind2=" " tag="752"><subfield code="a">United States</subfield><subfield code="b">Illinois</subfield><subfield code="c">Bond</subfield><subfield code="d">Greenville.</subfield></datafield><datafield ind1="0" ind2="5" tag="780"><subfield code="t">Greenville item</subfield><subfield code="w">(DLC)sn 90054754</subfield><subfield code="w">(OCoLC)22913591</subfield></datafield><datafield ind1="0" ind2="0" tag="780"><subfield code="t">American courier (Greenville, Ill.)</subfield><subfield code="w">(DLC)sn 87082285</subfield><subfield code="w">(OCoLC)15249328</subfield></datafield><datafield ind1="1" ind2=" " tag="029"><subfield code="a">AU@</subfield><subfield code="b">000020232913</subfield></datafield></record>